This file was created with JabRef 2.2.
Encoding: MacRoman

@article{Blei:2003:LDA:944919.944937,
 author = {Blei, David M. and Ng, Andrew Y. and Jordan, Michael I.},
 title = {Latent Dirichlet Allocation},
 journal = {J. Mach. Learn. Res.},
 issue_date = {3/1/2003},
 volume = {3},
 month = mar,
 year = {2003},
 issn = {1532-4435},
 pages = {993--1022},
 numpages = {30},
 url = {http://dl.acm.org/citation.cfm?id=944919.944937},
 acmid = {944937},
 publisher = {JMLR.org},
} 

@inproceedings{pennington2014glove,
  author = {Jeffrey Pennington and Richard Socher and Christopher D. Manning},
  booktitle = {Empirical Methods in Natural Language Processing (EMNLP)},
  title = {GloVe: Global Vectors for Word Representation},
  year = {2014},
  pages = {1532--1543},
  url = {http://www.aclweb.org/anthology/D14-1162},
}

@article{DBLP:journals/corr/abs-1301-3781,
  author    = {Tomas Mikolov and
               Kai Chen and
               Greg Corrado and
               Jeffrey Dean},
  title     = {Efficient Estimation of Word Representations in Vector Space},
  journal   = {CoRR},
  volume    = {abs/1301.3781},
  year      = {2013},
  url       = {http://arxiv.org/abs/1301.3781},
  archivePrefix = {arXiv},
  eprint    = {1301.3781},
  timestamp = {Wed, 07 Jun 2017 14:42:25 +0200},
  biburl    = {https://dblp.org/rec/bib/journals/corr/abs-1301-3781},
  bibsource = {dblp computer science bibliography, https://dblp.org}
}

@inproceedings{Medhat2014SentimentAA,
  title={Sentiment analysis algorithms and applications: A survey},
  author={Walaa Medhat and Ahmed Hassan and Hoda Korashy},
  year={2014}
}


@inproceedings{conf/icwsm/HuttoG14,
  added-at = {2015-05-25T00:00:00.000+0200},
  author = {Hutto, Clayton J. and Gilbert, Eric},
  biburl = {https://www.bibsonomy.org/bibtex/253a5741ab827539d4bc4bf836fa6dae7/dblp},
  booktitle = {ICWSM},
  crossref = {conf/icwsm/2014},
  editor = {Adar, Eytan and Resnick, Paul and Choudhury, Munmun De and Hogan, Bernie and Oh, Alice H.},
  ee = {http://www.aaai.org/ocs/index.php/ICWSM/ICWSM14/paper/view/8109},
  interhash = {e73f21d7ff21014b85f5c7b48f335a11},
  intrahash = {53a5741ab827539d4bc4bf836fa6dae7},
  isbn = {978-1-57735-659-2},
  keywords = {dblp},
  publisher = {The AAAI Press},
  timestamp = {2016-05-10T11:39:40.000+0200},
  title = {VADER: A Parsimonious Rule-Based Model for Sentiment Analysis of Social Media Text.},
  url = {http://dblp.uni-trier.de/db/conf/icwsm/icwsm2014.html#HuttoG14},
  year = 2014
}

@inproceedings{Li:2010:SAG:2898607.2898826,
 author = {Li, Fangtao and Huang, Minlie and Zhu, Xiaoyan},
 title = {Sentiment Analysis with Global Topics and Local Dependency},
 booktitle = {Proceedings of the Twenty-Fourth AAAI Conference on Artificial Intelligence},
 series = {AAAI'10},
 year = {2010},
 location = {Atlanta, Georgia},
 pages = {1371--1376},
 numpages = {6},
 url = {http://dl.acm.org/citation.cfm?id=2898607.2898826},
 acmid = {2898826},
 publisher = {AAAI Press},
} 

@inproceedings{Jagarlamudi:2012:ILP:2380816.2380844,
 author = {Jagarlamudi, Jagadeesh and Daum{\'e},III, Hal and Udupa, Raghavendra},
 title = {Incorporating Lexical Priors into Topic Models},
 booktitle = {Proceedings of the 13th Conference of the European Chapter of the Association for Computational Linguistics},
 series = {EACL '12},
 year = {2012},
 isbn = {978-1-937284-19-0},
 location = {Avignon, France},
 pages = {204--213},
 numpages = {10},
 url = {http://dl.acm.org/citation.cfm?id=2380816.2380844},
 acmid = {2380844},
 publisher = {Association for Computational Linguistics},
 address = {Stroudsburg, PA, USA},
} 

@BOOK{angel2000,
  title = {Interactive Computer Graphics : A Top-Down Approach with OpenGL},
  publisher = {Addison Wesley Longman},
  year = {2000},
  author = {Edward Angel},
  address = {Boston, MA},
  isbn = {0-201-38597-X}
}

@BOOK{angel2001,
  title = {Batch-file Computer Graphics : A Bottom-Up Approach with QuickTime},
  publisher = {Wesley Addison Longman},
  year = {2001},
  author = {Edward Angel},
  address = {Boston, MA},
  isbn = {0-201-38597-X}
}

@BOOK{angel2002a,
  title = {test second book by angel},
  publisher = {Wesley Addison Longman},
  year = {2001},
  author = {Edward Angel},
  address = {Boston, MA},
  isbn = {0-201-38597-X}
}


@ARTICLE{deussen2000,
  author = {Oliver Deussen and Thomas Strothotte},
  title = {Computer-Generated Pen-and-Ink Illustration of Trees},
  journal = {``Proceedings of'' SIGGRAPH 2000},
  year = {2000},
  pages = {13--18},
  address = {New Orleans, Louisiana},
  editor = {Kurt Akeley},
  isbn = {1-58113-208-5},
  publisher = {ACM Press / ACM SIGGRAPH / Addison Wesley Longman},
  series = {Computer Graphics Proceedings, Annual Conference Series}
}

@BOOK{hipr1997,
  title = {Hypermedia Image Processing Reference},
  publisher = {John Wiley \& Sons},
  year = {1997},
  author = {Robert Fisher and Simon Perkins and Ashley Walker and Erik Wolfart},
  address = {New York, NY},
  isbn = {0-471-96243-0}
}

@BOOK{goochandgooch2001,
  title = {{Non-Photorealistic Rendering}},
  publisher = {A K Peters},
  year = {2001},
  author = {Bruce Gooch and Amy Gooch},
  address = {Natick, Massachusetts},
  isbn = {1-56881-133-0}
}

@BOOK{goochandgooch2001a,
  title = {Test second book by gooches},
  publisher = {A K Peters},
  year = {2001},
  author = {Bruce Gooch and Amy Gooch},
  address = {Natick, Massachusetts},
  isbn = {1-56881-133-0}
}


@ARTICLE{hertzmann2000,
  author = {Aaron Hertzmann and Dennis Zorin},
  title = {Illustrating Smooth Surfaces},
  journal = {Proceedings of SIGGRAPH 2000},
  year = {2000},
  volume = {5},
  number = {17},
  pages = {517--526},
  month = {July},
  address = {New Orleans, Louisiana},
  editor = {Kurt Akeley},
  isbn = {1-58113-208-5},
  publisher = {ACM Press / ACM SIGGRAPH / Addison Wesley Longman},
  series = {Computer Graphics Proceedings, Annual Conference Series}
}

@BOOK{jain1989,
  title = {Fundamentals of Digital Image Processing},
  publisher = {Prentice-Hall},
  year = {1989},
  author = {Anil K. Jain},
  address = {Englewood Cliffs, New Jersey},
  isbn = {0-13-336165-9}
}

@INCOLLECTION{Molina1994,
  author = {Molina,  S. T.  and Borkovec,  T. D.},
  title = {The {P}enn {S}tate Worry Questionnaire: Psychometric properties and
	associated characteristics},
  booktitle = {Worrying: Perspectives on theory, assessment and treatment},
  publisher = {Wiley},
  year = {1994},
  editor = {G. C. L. Davey and F. Tallis},
  pages = {265-283},
  address = {New York},
  owner = {salzberg},
  timestamp = {2007.04.18}
}

@PHDTHESIS{noble2002,
  author = {Noble, Samuel G.},
  title = {Turning images into simple line-art},
  school = {Reed College},
  year = {2002},
  type = {Undergraduate thesis},
  date-added = {2007-03-14 10:12:04 -0700},
  date-modified = {2007-03-14 10:30:42 -0700}
}

@MISC{reedweb2007,
  author = {Reed{\ }College},
  title = {LaTeX Your Document},
  month = {March},
  year = {2007},
  date-added = {2007-03-14 10:07:06 -0700},
  date-modified = {2007-03-14 10:09:03 -0700},
  lastchecked = {March 14, 2007},
  url = {http://web.reed.edu/cis/help/LaTeX/index.html}
}

@BOOK{russ1995,
  title = {{The Image Processing Handbook, Second Edition}},
  publisher = {CRC Press},
  year = {1995},
  author = {John C. Russ},
  address = {Boca Raton, Florida},
  isbn = {0-8493-2516-1}
}

@ARTICLE{salisbury1997,
  author = {Michael P. Salisbury and Michael T. Wong and John F. Hughes and David
	H. Salesin},
  title = {Orientable Textures for Image-Based Pen-and-Ink Illustration},
  journal = {``Proceedings of'' SIGGRAPH 97},
  year = {1997},
  pages = {401--406},
  month = {August},
  address = {Los Angeles, California},
  editor = {Turner Whitted},
  isbn = {0-89791-896-7},
  publisher = {Addison Wesley},
  series = {Computer Graphics Proceedings, Annual Conference Series}
}

@BOOK{savitch2001,
  title = {JAVA: An Introduction to Computer Science \& Programming},
  publisher = {Prentice Hall},
  year = {2001},
  author = {Walter Savitch},
  address = {Upper Saddle River, New Jersey},
  isbn = {0-13-031697-0}
}

@MASTERSTHESIS{wong1999,
  author = {Eric Wong},
  title = {{Artistic Rendering of Portrait Photographs}},
  school = {Cornell University},
  year = {1999}
}

